%% This BibTeX bibliography file was created using BibDesk.
%% http://bibdesk.sourceforge.net/


%% Created for Kasper Hansen at 2013-03-09 09:50:53 +0100 


%% Saved with string encoding Unicode (UTF-8) 



@inproceedings{foley2010service,
	Author = {Foley, Christopher and Power, Gemma and Griffin, Leigh and Chen, Chen and Donnelly, Niall and de Leastar, Eamonn},
	Booktitle = {Computers and Communications (ISCC), 2010 IEEE Symposium on},
	Date-Added = {2013-03-09 09:49:33 +0100},
	Date-Modified = {2013-03-09 09:49:33 +0100},
	Organization = {IEEE},
	Pages = {483--488},
	Title = {Service Group Management facilitated by DSL driven Policies in embedded Middleware},
	Year = {2010}}

@article{Delgado:uq,
	Author = {Delgado, O Roy and Picking, Rich and Grout, Vic},
	Date-Added = {2013-03-09 09:48:25 +0100},
	Date-Modified = {2013-03-09 09:48:25 +0100},
	Publisher = {Citeseer},
	Title = {Remote-Controlled Home Automation Systems with Different Network Technologies}}

@inproceedings{Clemente:2009fk,
	Author = {Clemente, Pedro J and Conejero, Jos{\'e} M and Hern{\'a}ndez, Juan and S{\'a}nchez, Lara},
	Booktitle = {Proceedings of the second workshop on isolation and integration in embedded systems. IIES},
	Date-Added = {2013-03-09 09:45:56 +0100},
	Date-Modified = {2013-03-09 09:45:56 +0100},
	Pages = {13--18},
	Title = {HAAIS-DSL: DSL to develop home automation and ambient intelligence systems},
	Volume = {9},
	Year = {2009}}

@inproceedings{rana2009policy,
	Author = {Rana, Annie Ibrahim and Foghl{\'u}, MO},
	Booktitle = {New Technologies, Mobility and Security (NTMS), 2009 3rd International Conference on},
	Date-Added = {2013-03-09 09:45:12 +0100},
	Date-Modified = {2013-03-09 09:45:12 +0100},
	Organization = {IEEE},
	Pages = {1--3},
	Title = {Policy-based network management in home area networks: interim test results},
	Year = {2009}}

@inproceedings{pbhas,
	Author = {Tiberkak, Allal and Belkhir, Abdelkader},
	Booktitle = {Green Technologies Conference, 2010 IEEE},
	Date-Added = {2013-03-09 09:43:27 +0100},
	Date-Modified = {2013-03-09 09:43:27 +0100},
	Organization = {IEEE},
	Pages = {1--5},
	Title = {An Architecture for Policy-Based Home Automation System (PBHAS)},
	Year = {2010}}
